<record><leader>00000cas a2200000 a 4500</leader><controlfield tag="001">31714870</controlfield><controlfield tag="007">hd afu---bact</controlfield><controlfield tag="008">941219d18921917nbuir nea     0    0eng d</controlfield><datafield ind1=" " ind2=" " tag="010"><subfield code="a">sn 94056675 </subfield></datafield><datafield ind1=" " ind2=" " tag="040"><subfield code="a">NVG</subfield><subfield code="b">eng</subfield><subfield code="c">NVG</subfield><subfield code="d">OCL</subfield><subfield code="d">OCLCQ</subfield></datafield><datafield ind1=" " ind2=" " tag="042"><subfield code="a">msc</subfield></datafield><datafield ind1=" " ind2=" " tag="043"><subfield code="a">n-us-nb</subfield></datafield><datafield ind1="0" ind2="0" tag="245"><subfield code="a">Fremont tri-weekly tribune.</subfield></datafield><datafield ind1="3" ind2="0" tag="246"><subfield code="a">Fremont triweekly tribune</subfield></datafield><datafield ind1="1" ind2="3" tag="246"><subfield code="a">Fremont tribune</subfield><subfield code="f">Apr. 26, 1892-Oct. 18, 1902</subfield></datafield><datafield ind1="1" ind2="3" tag="246"><subfield code="a">Tri-weekly tribune</subfield><subfield code="f">&lt;1907&gt;-Aug. 4, 1917</subfield></datafield><datafield ind1=" " ind2=" " tag="260"><subfield code="a">Fremont, Neb. :</subfield><subfield code="b">Hammond Bros.,</subfield><subfield code="c">1892-1917.</subfield></datafield><datafield ind1=" " ind2=" " tag="300"><subfield code="a">27 volumes</subfield></datafield><datafield ind1=" " ind2=" " tag="310"><subfield code="a">Three times a week</subfield></datafield><datafield ind1=" " ind2=" " tag="336"><subfield code="a">text</subfield><subfield code="b">txt</subfield><subfield code="2">rdacontent</subfield></datafield><datafield ind1=" " ind2=" " tag="337"><subfield code="a">microform</subfield><subfield code="b">h</subfield><subfield code="2">rdamedia</subfield></datafield><datafield ind1=" " ind2=" " tag="338"><subfield code="a">microfilm reel</subfield><subfield code="b">hd</subfield><subfield code="2">rdacarrier</subfield></datafield><datafield ind1="0" ind2=" " tag="362"><subfield code="a">Vol. 24, no. 86 (Apr. 26, 1892)-v. 50, no. 39 (Aug. 4, 1917).</subfield></datafield><datafield ind1=" " ind2=" " tag="580"><subfield code="a">Daily eds.: Fremont daily tribune, 1892-1904, and: Fremont evening tribune, 1904-1917.</subfield></datafield><datafield ind1=" " ind2=" " tag="533"><subfield code="a">Microfilm.</subfield><subfield code="b">[Cleveland, Ohio :</subfield><subfield code="c">Micro Photo],</subfield><subfield code="d">1954.</subfield><subfield code="e">17 microfilm reels ; 35 mm.</subfield></datafield><datafield ind1=" " ind2=" " tag="752"><subfield code="a">United States</subfield><subfield code="b">Nebraska</subfield><subfield code="c">Dodge</subfield><subfield code="d">Fremont.</subfield></datafield><datafield ind1="1" ind2=" " tag="775"><subfield code="t">Fremont daily tribune</subfield><subfield code="w">(DLC)sn 94061456</subfield></datafield><datafield ind1="1" ind2=" " tag="775"><subfield code="t">Fremont evening tribune</subfield><subfield code="w">(DLC)sn 94061457</subfield></datafield><datafield ind1="0" ind2="0" tag="780"><subfield code="t">Fremont semi-weekly tribune</subfield><subfield code="w">(DLC)sn 94056674</subfield></datafield><datafield ind1="0" ind2="4" tag="785"><subfield code="t">Fremont evening tribune</subfield><subfield code="w">(DLC)sn 94061457</subfield></datafield><datafield ind1="1" ind2=" " tag="029"><subfield code="a">AU@</subfield><subfield code="b">000011501237</subfield></datafield></record>